
@techreport{Dominguez:1481838,
      author        = "Dominguez, Aaron",
      editor        = "Dominguez, Aaron",
      title         = "{CMS Technical Design Report for the Pixel Detector Upgrade}",
      institution   = "CERN",
      address       = "Geneva",
      number        = "CERN-LHCC-2012-016. CMS-TDR-11",
      month         = "Sep",
      year          = "2012",
      reportNumber  = "CERN-LHCC-2012-016",
      url           = "http://cds.cern.ch/record/1481838",
}

@manual{Bartz:TBM08,
	title		= "Token Bit Manager 08 Chip Documentation",
	author		= "Bartz, Edward",
	organization	= "Rutgers University",
	address	= "Piscataway, NJ",
	year		= "2013",
	month		= "3",
}