@unpublished{Turner2012,
  author	= "Paul Turner",
  title	= "Something Something Telescope",
  year	= "2012",
  month	= "August",
  note	= "Cool Paper, Bro",
}
